@Article{journals/aim/Sloman99,
	title	= {Review of Affective Computing},
	author	= "Aaron " # {Sloman},
	journal	= "AI Magazine",
	year	= "1999",
	number	= "1",
	volume	= "20",
	url	= "http://dblp.uni-trier.de/db/journals/aim/aim20.html#Sloman99",
	pages	= "127--133",
}

@Article{journals/aim/Sloman99-2,
	title	= {Review of Affective Computing / 2},
	author	= "Aaron " # {Sloman},
	journal	= "AI Magazine",
	year	= "1999",
	number	= "2",
	volume	= "21",
	url	= "http://dblp.uni-trier.de/db/journals/aim/aim20.html#Sloman99",
	pages	= "127--133",
}
